@book{leunen,
author = "Mary-Claire van Leunen",
title = "A Handbook for Scholars",
year = 1978,}
