@article{thomas1998update,
  title={An update on the four-color theorem},
  author={Thomas, Robin},
  journal={Notices of the AMS},
  volume={45},
  number={7},
  pages={848--859},
  year={1998}
}

@article{robertson1986graph,
  title={Graph minors. II. Algorithmic aspects of tree-width},
  author={Robertson, Neil and Seymour, Paul D.},
  journal={Journal of algorithms},
  volume={7},
  number={3},
  pages={309--322},
  year={1986},
  publisher={Elsevier}
}
